  @Manual{Rlang,
    title = {\proglang{R}: A Language and Environment for Statistical Computing},
    author = {{\proglang{R} Core Team}},
    organization = {\proglang{R} Foundation for Statistical Computing},
    address = {Vienna, Austria},
    year = {2012},
    note = {{ISBN} 3-900051-07-0},
    url = {http://www.R-project.org/},
  }

  @Article{Formulapkg,
    title = {Extended Model Formulas in \proglang{R}: Multiple Parts and
                  Multiple Responses},
    author = {Achim Zeileis and Yves Croissant},
    journal = {Journal of Statistical Software},
    year = {2010},
    volume = {34},
    number = {1},
    pages = {1--13},
    url = {http://www.jstatsoft.org/v34/i01/},
  }

  @Manual{stringrpkg,
    title = {\pkg{stringr}: Make It Easier to Work with Strings.},
    author = {Hadley Wickham},
    year = {2010},
    note = {\proglang{R} package version 0.4},
    url = {http://CRAN.R-project.org/package=stringr},
  }

    @Manual{maxLikpkg,
    title = {\pkg{maxLik}: Maximum Likelihood Estimation},
    author = {Ott Toomet and Arne Henningsen and with contributions from Spencer Graves and Yves Croissant},
    year = {2010},
    note = {\proglang{R} package version 1.0-0},
    url = {http://CRAN.R-project.org/package=maxLik},
  }

    @Manual{gampkg,
    title = {\pkg{gam}: Generalized Additive Models},
    author = {Trevor Hastie},
    year = {2011},
    note = {\proglang{R} package version 1.04},
    url = {http://CRAN.R-project.org/package=gam},
  }

    @Book{MASSpkg,
    title = {Modern Applied Statistics with \proglang{S}},
    author = {W. N. Venables and B. D. Ripley},
    publisher = {Springer-Verlang},
    edition = {Fourth},
    address = {New York},
    year = {2002},
    note = {ISBN 0-387-95457-0},
    url = {http://www.stats.ox.ac.uk/pub/MASS4},
  }
  
    @Book{McCullaghNelder,
    title = {Generalized Linear Models},
    author = {P. McCullagh and J.A. Nelder},
    publisher = {Chapman and Hall},
    edition = {Second},
    address = {London},
    year = {1989},
  }

   @Manual{gamespkg,
    title = {\pkg{games}: Statistical Estimation of Game-Theoretic Models},
    author = {Curtis S. Signorino and Brenton Kenkel},
    year = {2011},
    note = {\proglang{R} package version 1.0-1},
  }

  @Manual{stratgauss,
    url = {http://www.rochester.edu/college/psc/signorino/research/stratman.pdf},
    title = {\pkg{Strat}: A Program for Analyzing Statistical Strategic Models},
    year = {2003},
    author = {Curtis S. Signorino},
    note = {\proglang{Gauss} package version 1.4},
  }
